

@inproceedings{Huetal2000,
author = {J. Hu and H.R. Wu and A. Jennings and X. Wang},
title = {Fast and robust equalization: A case study},
booktitle = {Proceedings of the World Multiconference on Systemics, Cybernetics and Informatics, (SCI 2000), Florida, USA, 23-26 July 2000},
publisher = {International Institute of Informatics and Systemics},
address = {FL, USA},
pages = {398--403},
year = {2000}
}

@Book{Conway2000,
author = {Damian Conway},
title = {Object {O}riented {P}erl: {A} comprehensive guide to concepts and programming techniques},
publisher = {Manning Publications Co.},
year = {2000},
address = {Connecticut, USA}
}

@inproceedings{zou2013bilingual,
  title={Bilingual Word Embeddings for Phrase-Based Machine Translation.},
  author={Zou, Will Y and Socher, Richard and Cer, Daniel M and Manning, Christopher D},
  booktitle={EMNLP},
  pages={1393--1398},
  year={2013}
}

@ARTICLE{chiselverify,
author = {Dobis, Andrew and Petersen, Tjark and Rasmussen, Kasper and Tolotto, Enrico and Damsgaard, Hans and Andersen, Simon and Lin, Richard and Schoeberl, Martin},
year = {2021},
month = {02},
pages = {},
title = {Open-Source Verification with Chisel and Scala}
}